[gd_scene load_steps=4 format=2]

[sub_resource type="GDScript" id=1]

script/source = "extends MarginContainer

var fps_label
var ms_label

var frame_buffer = []

func _ready():
	if !Global.display_fps:
		visible = false
	
	fps_label = $MarginContainer/VBoxContainer/FPSLabel
	ms_label = $MarginContainer/VBoxContainer/MSLabel

func _process(delta):
	frame_buffer.push_back(delta)
	
	while len(frame_buffer) > 30:
		frame_buffer.pop_front()
	
	var total = 0
	for frame in frame_buffer:
		total += frame
	
	var average_frame_time = total / len(frame_buffer)
	
	update_display(average_frame_time)

func update_display(ms):
	fps_label.text = str(1 / ms).pad_decimals(2) + \" fps\"
	ms_label.text = str(ms * 1000).pad_decimals(2) + \" ms\"
"

[sub_resource type="GDScript" id=2]

script/source = "extends PopupDialog

func _ready():
	owner.owner.connect(\"level_completed\", self, \"_on_level_completed\")
	owner.owner.connect(\"level_started\", $Stopwatch, \"start\")

func _on_level_completed():
	popup_centered_minsize()
	$Stopwatch.end()
	var time = get_node(\"Stopwatch\").get_time()
	$MarginContainer/VBoxContainer/TimeLabel.text = \"Your Time: \" + str(time)

func _on_ReplayButton_pressed():
	owner.owner.restart_level()

func _on_MainMenuButton_pressed():
	get_tree().change_scene(\"res://main_menu/MainMenu.tscn\")
"

[sub_resource type="GDScript" id=3]

script/source = "extends Node

var starting_time = 0 
var ending_time = 0

func start():
	print(\"Stopwatch started.\")
	starting_time = OS.get_ticks_msec()

func end():
	print(\"Stopwatch ended.\")
	ending_time = OS.get_ticks_msec()

func get_time():
	var ms
	if ending_time > starting_time:
		ms = ending_time - starting_time
	else:
		ms = OS.get_ticks_msec() - starting_time
	
	return ms / 1000.0
"

[node name="UI" type="CanvasLayer"]

[node name="FPSDisplay" type="MarginContainer" parent="."]
editor/display_folded = true
margin_right = 68.0
margin_bottom = 40.0
script = SubResource( 1 )

[node name="Panel" type="Panel" parent="FPSDisplay"]
margin_right = 68.0
margin_bottom = 40.0

[node name="MarginContainer" type="MarginContainer" parent="FPSDisplay"]
editor/display_folded = true
margin_right = 68.0
margin_bottom = 40.0
custom_constants/margin_right = 4
custom_constants/margin_top = 4
custom_constants/margin_left = 4
custom_constants/margin_bottom = 4

[node name="VBoxContainer" type="VBoxContainer" parent="FPSDisplay/MarginContainer"]
margin_left = 4.0
margin_top = 4.0
margin_right = 64.0
margin_bottom = 36.0

[node name="FPSLabel" type="Label" parent="FPSDisplay/MarginContainer/VBoxContainer"]
margin_right = 60.0
margin_bottom = 14.0
size_flags_horizontal = 3
size_flags_vertical = 3
text = "60 fps"
align = 1

[node name="MSLabel" type="Label" parent="FPSDisplay/MarginContainer/VBoxContainer"]
margin_top = 18.0
margin_right = 60.0
margin_bottom = 32.0
size_flags_horizontal = 3
size_flags_vertical = 3
text = "16.66 ms"
align = 1

[node name="LevelCompleteDialog" type="PopupDialog" parent="."]
editor/display_folded = true
margin_left = 153.0
margin_top = 51.0
margin_right = 313.0
margin_bottom = 139.0
script = SubResource( 2 )

[node name="MarginContainer" type="MarginContainer" parent="LevelCompleteDialog"]
editor/display_folded = true
anchor_right = 1.0
anchor_bottom = 1.0
custom_constants/margin_right = 4
custom_constants/margin_top = 4
custom_constants/margin_left = 4
custom_constants/margin_bottom = 4

[node name="VBoxContainer" type="VBoxContainer" parent="LevelCompleteDialog/MarginContainer"]
margin_left = 4.0
margin_top = 4.0
margin_right = 156.0
margin_bottom = 84.0

[node name="Label" type="Label" parent="LevelCompleteDialog/MarginContainer/VBoxContainer"]
margin_right = 152.0
margin_bottom = 14.0
text = "You beat the level!"
align = 1
autowrap = true

[node name="TimeLabel" type="Label" parent="LevelCompleteDialog/MarginContainer/VBoxContainer"]
margin_top = 18.0
margin_right = 152.0
margin_bottom = 32.0
text = "Your Time: ?? Seconds"

[node name="ReplayButton" type="Button" parent="LevelCompleteDialog/MarginContainer/VBoxContainer"]
margin_top = 36.0
margin_right = 152.0
margin_bottom = 56.0
text = "Replay"

[node name="MainMenuButton" type="Button" parent="LevelCompleteDialog/MarginContainer/VBoxContainer"]
margin_top = 60.0
margin_right = 152.0
margin_bottom = 80.0
text = "Main Menu"

[node name="Stopwatch" type="Node" parent="LevelCompleteDialog"]
script = SubResource( 3 )

[connection signal="pressed" from="LevelCompleteDialog/MarginContainer/VBoxContainer/ReplayButton" to="LevelCompleteDialog" method="_on_ReplayButton_pressed"]
[connection signal="pressed" from="LevelCompleteDialog/MarginContainer/VBoxContainer/MainMenuButton" to="LevelCompleteDialog" method="_on_MainMenuButton_pressed"]
