[gd_scene load_steps=10 format=2]

[ext_resource path="res://Cutscene.tscn" type="PackedScene" id=1]
[ext_resource path="res://default_dialogue.tres" type="Resource" id=2]
[ext_resource path="res://level_objects/TerrainLine.tscn" type="PackedScene" id=3]
[ext_resource path="res://alloi/Alloi.tscn" type="PackedScene" id=4]
[ext_resource path="res://level_objects/door/Door.tscn" type="PackedScene" id=5]
[ext_resource path="res://UI.tscn" type="PackedScene" id=6]

[sub_resource type="GDScript" id=1]

script/source = "signal level_started
signal level_completed
extends Node

export (PackedScene) var CUTSCENE

func _ready():
	if get_tree().current_scene == self:
		start_level()

func start_level():
	$Level.start_level()
	emit_signal(\"level_started\")

func set_ui_visible(is_visible):
	var new_scale = Vector2(0.0, 0.0)
	
	if is_visible:
		new_scale = Vector2(1.0, 1.0)
	
	$UI.scale = new_scale

func play_cutscene(script):
	$Level.visible = false
	$Level.pause_mode = PAUSE_MODE_STOP
	set_ui_visible(false)
	
	var instance = CUTSCENE.instance()
	instance.pause_mode = PAUSE_MODE_PROCESS
	get_tree().paused = true
	add_child(instance)
	instance.start_cutscene(script)
	instance.connect(\"cutscene_finished\", self, \"resume_play\")

func resume_play():
	if has_meta(\"cutscene\"):
		get_meta(\"cutscene\").end_cutscene()
	
	$Level.visible = true
	$Level.pause_mode = PAUSE_MODE_INHERIT
	set_ui_visible(true)
	get_tree().paused = false

func end_level():
	get_tree().paused = true
	emit_signal(\"level_completed\")

func restart_level():
	var level_path = get_meta(\"alvl_path\")
	get_tree().set_meta(\"target_path\", level_path)
	get_tree().change_scene(\"res://InterimLoadingScene.tscn\")
"

[sub_resource type="GDScript" id=2]

script/source = "extends Node2D

export (Resource) var OPENING_CUTSCENE_SCRIPT

func start_level():
	#if OPENING_CUTSCENE_SCRIPT:
		#begin_opening_cutscene()
	#else:
	begin_stage()

func begin_opening_cutscene():
	print(\"Beginning opening cutscene\")
	get_parent().play_cutscene(OPENING_CUTSCENE_SCRIPT)
	get_parent().get_meta(\"cutscene\").connect(\"cutscene_finished\", self, \"begin_stage\")

func begin_stage():
	print(\"Beginning stage.\")
	get_tree().paused = false
	visible = true
	
	if has_meta(\"alloi\"):
		get_meta(\"alloi\").begin_play()
	else:
		print(\"Alloi could not be found. The stage can't be played without our hero!\")
"

[sub_resource type="Curve2D" id=3]

_data = {
"points": PoolVector2Array( 0, 0, 0, 0, -11, 0, 0, 0, 0, 0, 249, 0 )
}

[node name="World" type="Node"]
script = SubResource( 1 )
CUTSCENE = ExtResource( 1 )

[node name="Level" type="Node2D" parent="."]
script = SubResource( 2 )
OPENING_CUTSCENE_SCRIPT = ExtResource( 2 )

[node name="TerrainLine" parent="Level" instance=ExtResource( 3 )]
position = Vector2( -109, 0 )
curve = SubResource( 3 )

[node name="Alloi" parent="Level" instance=ExtResource( 4 )]
position = Vector2( -90, 0 )

[node name="Door" parent="Level" instance=ExtResource( 5 )]
position = Vector2( 90, 0 )

[node name="UI" parent="." instance=ExtResource( 6 )]
pause_mode = 2

[node name="Background" type="ParallaxBackground" parent="."]

